[gd_scene load_steps=5 format=2]

[ext_resource path="res://ChatBox/ChatBox.gd" type="Script" id=1]
[ext_resource path="res://ChatBox/ChatFrontStyle.tres" type="StyleBox" id=2]

[sub_resource type="StyleBoxFlat" id=1]

bg_color = Color( 0.121569, 0.121569, 0.121569, 1 )

[sub_resource type="Animation" id=2]

resource_name = "slide_in_chat"
length = 0.3
step = 0.05
tracks/0/type = "bezier"
tracks/0/path = NodePath("Panel:rect_position:x")
tracks/0/interp = 1
tracks/0/loop_wrap = true
tracks/0/imported = false
tracks/0/enabled = false
tracks/0/keys = {
"points": PoolRealArray(  ),
"times": PoolRealArray(  )
}
tracks/1/type = "bezier"
tracks/1/path = NodePath("Panel:rect_position:y")
tracks/1/interp = 1
tracks/1/loop_wrap = true
tracks/1/imported = false
tracks/1/enabled = true
tracks/1/keys = {
"points": PoolRealArray( 1949.37, -0.25, 0, 0.0984341, -319.48, 178.762, -0.0505472, 511.168, 0.0877925, -149.634, -0.14144, -0.175626, -32.6475, 0.150143, 66.24 ),
"times": PoolRealArray( -0.00332407, 0.0791477, 0.25 )
}
tracks/2/type = "method"
tracks/2/path = NodePath(".")
tracks/2/interp = 1
tracks/2/loop_wrap = true
tracks/2/imported = false
tracks/2/enabled = true
tracks/2/keys = {
"times": PoolRealArray( 0.3 ),
"transitions": PoolRealArray( 1 ),
"values": [ {
"args": [  ],
"method": "grab_line_focus"
} ]
}

[node name="ChatBox" type="Control"]
anchor_right = 1.0
anchor_bottom = 1.0
margin_top = 2.48724
margin_right = -144.999
margin_bottom = -370.513
rect_pivot_offset = Vector2( 0, 2.48724 )
script = ExtResource( 1 )

[node name="Panel" type="Panel" parent="."]
anchor_right = 1.0
anchor_bottom = 1.0
margin_top = -0.14144
margin_bottom = -0.142639

[node name="MarginContainer" type="MarginContainer" parent="Panel"]
anchor_right = 1.0
anchor_bottom = 1.0
margin_top = -1.06625
margin_bottom = -1.06625
custom_constants/margin_right = 5
custom_constants/margin_top = 5
custom_constants/margin_left = 5
custom_constants/margin_bottom = 5

[node name="Panel" type="Panel" parent="Panel/MarginContainer"]
margin_left = 5.0
margin_top = 5.0
margin_right = 874.0
margin_bottom = 221.0
custom_styles/panel = ExtResource( 2 )

[node name="MarginContainer" type="MarginContainer" parent="Panel/MarginContainer/Panel"]
anchor_right = 1.0
anchor_bottom = 1.0
custom_constants/margin_right = 7
custom_constants/margin_top = 5
custom_constants/margin_left = 5
custom_constants/margin_bottom = 5

[node name="VBoxContainer" type="VBoxContainer" parent="Panel/MarginContainer/Panel/MarginContainer"]
margin_left = 5.0
margin_top = 5.0
margin_right = 862.0
margin_bottom = 211.0
custom_constants/separation = 2
alignment = 2

[node name="RichTextLabel" type="RichTextLabel" parent="Panel/MarginContainer/Panel/MarginContainer/VBoxContainer"]
margin_right = 857.0
margin_bottom = 169.0
rect_min_size = Vector2( 0, 50 )
focus_mode = 2
size_flags_horizontal = 3
size_flags_vertical = 3
scroll_following = true
selection_enabled = true

[node name="HSeparator" type="HSeparator" parent="Panel/MarginContainer/Panel/MarginContainer/VBoxContainer"]
margin_top = 171.0
margin_right = 857.0
margin_bottom = 180.0
custom_constants/separation = 9

[node name="HBoxContainer" type="HBoxContainer" parent="Panel/MarginContainer/Panel/MarginContainer/VBoxContainer"]
margin_top = 182.0
margin_right = 857.0
margin_bottom = 206.0

[node name="LineEdit" type="LineEdit" parent="Panel/MarginContainer/Panel/MarginContainer/VBoxContainer/HBoxContainer"]
margin_right = 793.0
margin_bottom = 24.0
focus_neighbour_left = NodePath(".")
focus_neighbour_top = NodePath(".")
focus_neighbour_right = NodePath(".")
focus_neighbour_bottom = NodePath(".")
focus_next = NodePath(".")
focus_previous = NodePath(".")
focus_mode = 0
size_flags_horizontal = 3
focus_mode = 0

[node name="Button" type="Button" parent="Panel/MarginContainer/Panel/MarginContainer/VBoxContainer/HBoxContainer"]
margin_left = 797.0
margin_right = 857.0
margin_bottom = 24.0
rect_min_size = Vector2( 60, 0 )
focus_mode = 1
custom_styles/normal = SubResource( 1 )
text = "Send"

[node name="AnimationPlayer" type="AnimationPlayer" parent="."]
anims/slide_in_chat = SubResource( 2 )

[connection signal="meta_clicked" from="Panel/MarginContainer/Panel/MarginContainer/VBoxContainer/RichTextLabel" to="." method="_on_RichTextLabel_meta_clicked"]
[connection signal="pressed" from="Panel/MarginContainer/Panel/MarginContainer/VBoxContainer/HBoxContainer/Button" to="." method="_on_Button_pressed"]
